<record><leader>00000cas a2200000 a 4500</leader><controlfield tag="001">38426563</controlfield><controlfield tag="008">980212d19uu1939nyudr n       0    0pol c</controlfield><datafield ind1=" " ind2=" " tag="010"><subfield code="a">sn 97021889 </subfield></datafield><datafield ind1=" " ind2=" " tag="040"><subfield code="a">CRL</subfield><subfield code="b">eng</subfield><subfield code="c">CRL</subfield><subfield code="d">OCLCQ</subfield><subfield code="d">OCLCF</subfield><subfield code="d">OCLCO</subfield></datafield><datafield ind1="1" ind2=" " tag="029"><subfield code="a">AU@</subfield><subfield code="b">000013768857</subfield></datafield><datafield ind1=" " ind2=" " tag="042"><subfield code="a">pcc</subfield></datafield><datafield ind1=" " ind2=" " tag="043"><subfield code="a">n-usn--</subfield><subfield code="a">n-us-ny</subfield><subfield code="a">n-us-ct</subfield></datafield><datafield ind1="0" ind2=" " tag="130"><subfield code="a">Nowy s&#769;wiat (New York, N.Y. : Connecticut ed.)</subfield></datafield><datafield ind1="1" ind2="0" tag="245"><subfield code="a">Nowy s&#769;wiat =</subfield><subfield code="b">The Polish morning world.</subfield></datafield><datafield ind1="3" ind2="1" tag="246"><subfield code="a">Polish morning world</subfield></datafield><datafield ind1=" " ind2=" " tag="250"><subfield code="a">Connecticut ed.</subfield></datafield><datafield ind1=" " ind2=" " tag="260"><subfield code="a">New York :</subfield><subfield code="b">Nowy S&#769;wiat Pub. Co.,</subfield><subfield code="c">-1939]</subfield></datafield><datafield ind1=" " ind2=" " tag="300"><subfield code="a">v. :</subfield><subfield code="b">ill. ;</subfield><subfield code="c">58 cm.</subfield></datafield><datafield ind1=" " ind2=" " tag="310"><subfield code="a">Daily</subfield></datafield><datafield ind1="0" ind2=" " tag="362"><subfield code="a">-r. 42, no. 304 (Nov. 1, 1939).</subfield></datafield><datafield ind1=" " ind2=" " tag="500"><subfield code="a">Published simultaneously in New Britain, Conn., &lt;Nov. 1, 1935&gt;-Nov. 1, 1939.</subfield></datafield><datafield ind1=" " ind2=" " tag="580"><subfield code="a">Published in various regional eds. and national ed.</subfield></datafield><datafield ind1=" " ind2=" " tag="588"><subfield code="a">Description based on: R. 38, no. 304 (Nov. 1, 1935).</subfield></datafield><datafield ind1=" " ind2="0" tag="650"><subfield code="a">Polish Americans</subfield><subfield code="z">New England</subfield><subfield code="v">Newspapers.</subfield></datafield><datafield ind1=" " ind2="0" tag="651"><subfield code="a">New York (N.Y.)</subfield><subfield code="v">Newspapers.</subfield></datafield><datafield ind1=" " ind2="0" tag="651"><subfield code="a">New Britain (Conn.)</subfield><subfield code="v">Newspapers.</subfield></datafield><datafield ind1=" " ind2="7" tag="655"><subfield code="a">Newspapers.</subfield><subfield code="2">fast</subfield><subfield code="0">(OCoLC)fst01423814</subfield></datafield><datafield ind1=" " ind2="7" tag="650"><subfield code="a">Polish Americans.</subfield><subfield code="2">fast</subfield><subfield code="0">(OCoLC)fst01068870</subfield></datafield><datafield ind1=" " ind2="7" tag="651"><subfield code="a">Connecticut</subfield><subfield code="z">New Britain.</subfield><subfield code="2">fast</subfield><subfield code="0">(OCoLC)fst01202983</subfield></datafield><datafield ind1=" " ind2="7" tag="651"><subfield code="a">New England.</subfield><subfield code="2">fast</subfield><subfield code="0">(OCoLC)fst01241913</subfield></datafield><datafield ind1=" " ind2="7" tag="651"><subfield code="a">New York (State)</subfield><subfield code="z">New York.</subfield><subfield code="2">fast</subfield><subfield code="0">(OCoLC)fst01204333</subfield></datafield><datafield ind1=" " ind2=" " tag="752"><subfield code="a">United States</subfield><subfield code="b">New York</subfield><subfield code="c">New York</subfield><subfield code="d">New York.</subfield></datafield><datafield ind1=" " ind2=" " tag="752"><subfield code="a">United States</subfield><subfield code="b">Connecticut</subfield><subfield code="c">Hartford</subfield><subfield code="d">New Britain.</subfield></datafield><datafield ind1="1" ind2=" " tag="775"><subfield code="t">Nowy s&#769;wiat (New York, N.Y. : New York ed.)</subfield><subfield code="w">(DLC)sn 83045237</subfield><subfield code="w">(OCoLC)9366483</subfield></datafield><datafield ind1="1" ind2=" " tag="775"><subfield code="t">Nowy s&#769;wiat (New York, N.Y. : New Jersey ed.)</subfield><subfield code="w">(DLC)sn 88043113</subfield><subfield code="w">(OCoLC)17988624</subfield></datafield><datafield ind1="1" ind2=" " tag="775"><subfield code="t">Nowy s&#769;wiat (New York, N.Y. : Pennsylvania ed.)</subfield><subfield code="w">(DLC)sn 93054138</subfield><subfield code="w">(OCoLC)29435366</subfield></datafield><datafield ind1="1" ind2=" " tag="775"><subfield code="t">Nowy s&#769;wiat (New York, N.Y. : National ed.)</subfield><subfield code="w">(DLC)sn 97021890</subfield><subfield code="w">(OCoLC)38426075</subfield></datafield><datafield ind1="0" ind2="0" tag="785"><subfield code="t">Nowy s&#769;wiat (New York, N.Y. : New England ed.)</subfield><subfield code="w">(DLC)sn 91037337</subfield><subfield code="w">(OCoLC)24279420</subfield></datafield><datafield ind1=" " ind2=" " tag="850"><subfield code="a">ICRL</subfield></datafield></record>